<?xml version="1.0" encoding="UTF-8"?>
  <record xmlns="http://www.loc.gov/MARC21/slim" type="Authority">
    <leader>00000nz  a2200000nc 4500</leader>
    <controlfield tag="001">119502992</controlfield>
    <controlfield tag="003">DE-101</controlfield>
    <controlfield tag="005">20190211093820.0</controlfield>
    <controlfield tag="008">970923n||azznnaabn           | aaa    |c</controlfield>
    <datafield tag="024" ind1="7" ind2=" ">
      <subfield code="a">119502992</subfield>
      <subfield code="0">http://d-nb.info/gnd/119502992</subfield>
      <subfield code="2">gnd</subfield>
    </datafield>
    <datafield tag="035" ind1=" " ind2=" ">
      <subfield code="a">(DE-101)119502992</subfield>
    </datafield>
    <datafield tag="035" ind1=" " ind2=" ">
      <subfield code="a">(DE-588)119502992</subfield>
    </datafield>
    <datafield tag="035" ind1=" " ind2=" ">
      <subfield code="z">(DE-588)108967306X</subfield>
    </datafield>
    <datafield tag="035" ind1=" " ind2=" ">
      <subfield code="z">(DE-588a)119502992</subfield>
      <subfield code="9">v:zg</subfield>
    </datafield>
    <datafield tag="035" ind1=" " ind2=" ">
      <subfield code="z">(DE-588c)4471525-0</subfield>
      <subfield code="9">v:zg</subfield>
    </datafield>
    <datafield tag="040" ind1=" " ind2=" ">
      <subfield code="a">DE-12</subfield>
      <subfield code="c">DE-12</subfield>
      <subfield code="9">r:DE-12</subfield>
      <subfield code="b">ger</subfield>
      <subfield code="d">0003</subfield>
    </datafield>
    <datafield tag="042" ind1=" " ind2=" ">
      <subfield code="a">gnd1</subfield>
    </datafield>
    <datafield tag="043" ind1=" " ind2=" ">
      <subfield code="c">XA-DE</subfield>
    </datafield>
    <datafield tag="065" ind1=" " ind2=" ">
      <subfield code="a">16.5p</subfield>
      <subfield code="2">sswd</subfield>
    </datafield>
    <datafield tag="075" ind1=" " ind2=" ">
      <subfield code="b">p</subfield>
      <subfield code="2">gndgen</subfield>
    </datafield>
    <datafield tag="075" ind1=" " ind2=" ">
      <subfield code="b">piz</subfield>
      <subfield code="2">gndspec</subfield>
    </datafield>
    <datafield tag="079" ind1=" " ind2=" ">
      <subfield code="a">g</subfield>
      <subfield code="q">s</subfield>
      <subfield code="q">a</subfield>
      <subfield code="q">f</subfield>
    </datafield>
    <datafield tag="100" ind1="0" ind2=" ">
      <subfield code="a">August Wilhelm</subfield>
      <subfield code="c">Braunschweig-Lüneburg, Herzog, 1662-1731</subfield>
      <subfield code="d">1662-1731</subfield>
    </datafield>
    <datafield tag="375" ind1=" " ind2=" ">
      <subfield code="a">1</subfield>
      <subfield code="2">iso5218</subfield>
    </datafield>
    <datafield tag="400" ind1="0" ind2=" ">
      <subfield code="a">August Wilhelm</subfield>
      <subfield code="c">Braunschweig-Wolfenbüttel, Herzog</subfield>
      <subfield code="d">1662-1731</subfield>
    </datafield>
    <datafield tag="400" ind1="0" ind2=" ">
      <subfield code="a">August Wilhelm</subfield>
      <subfield code="c">Wolfenbüttel, Herzog</subfield>
      <subfield code="d">1662-1731</subfield>
    </datafield>
    <datafield tag="400" ind1="0" ind2=" ">
      <subfield code="a">August Wilhelm</subfield>
      <subfield code="c">Braunschweig-Lüneburg, Herzog</subfield>
      <subfield code="d">1662-1731</subfield>
    </datafield>
    <datafield tag="400" ind1="0" ind2=" ">
      <subfield code="a">August Wilhelm</subfield>
      <subfield code="c">Braunschweig, Herzog</subfield>
      <subfield code="d">1662-1731</subfield>
    </datafield>
    <datafield tag="400" ind1="0" ind2=" ">
      <subfield code="a">A.W.Z.B.U.L.</subfield>
      <subfield code="d">1662-1731</subfield>
    </datafield>
    <datafield tag="400" ind1="0" ind2=" ">
      <subfield code="a">Augustus Guilielmus</subfield>
      <subfield code="c">Braunsviga-Luneburgus, Dux</subfield>
      <subfield code="d">1662-1731</subfield>
    </datafield>
    <datafield tag="400" ind1="0" ind2=" ">
      <subfield code="a">August Wilhelm</subfield>
      <subfield code="c">Braunschweig und Lüneburg, Herzog</subfield>
      <subfield code="d">1662-1731</subfield>
    </datafield>
    <datafield tag="400" ind1="0" ind2=" ">
      <subfield code="a">Augustus Guilielmus</subfield>
      <subfield code="c">Brunsviga, Dux</subfield>
      <subfield code="d">1662-1731</subfield>
    </datafield>
    <datafield tag="400" ind1="0" ind2=" ">
      <subfield code="a">August Wilhelm</subfield>
      <subfield code="c">Braunschweig-Lüneburg-Wolffenbüttel, Hertzog</subfield>
      <subfield code="d">1662-1731</subfield>
    </datafield>
    <datafield tag="400" ind1="0" ind2=" ">
      <subfield code="a">Augustus Wilhelmus</subfield>
      <subfield code="c">Braunschweig-Lüneburg, Herzog</subfield>
      <subfield code="d">1662-1731</subfield>
    </datafield>
    <datafield tag="400" ind1="0" ind2=" ">
      <subfield code="a">Augustus Wilhelm</subfield>
      <subfield code="c">Braunschweig-Lüneburg, Herzog</subfield>
      <subfield code="d">1662-1731</subfield>
    </datafield>
    <datafield tag="400" ind1="0" ind2=" ">
      <subfield code="a">Auguste Guillaume</subfield>
      <subfield code="c">Bronswik et Lunebourg, Prince Hereditaire et Duc</subfield>
      <subfield code="d">1662-1731</subfield>
    </datafield>
    <datafield tag="400" ind1="0" ind2=" ">
      <subfield code="a">Augustus Wilhelmus</subfield>
      <subfield code="c">Brunsvicum et Lunaeburgum, Dux</subfield>
      <subfield code="d">1662-1731</subfield>
    </datafield>
    <datafield tag="400" ind1="0" ind2=" ">
      <subfield code="a">Auguste Guillaume</subfield>
      <subfield code="c">Brounsuic et Lunebourg, Duc</subfield>
      <subfield code="d">1662-1731</subfield>
    </datafield>
    <datafield tag="400" ind1="0" ind2=" ">
      <subfield code="a">August Wilhelm</subfield>
      <subfield code="c">Braunschweig und Lüneburg, Hertzog</subfield>
      <subfield code="d">1662-1731</subfield>
    </datafield>
    <datafield tag="400" ind1="0" ind2=" ">
      <subfield code="a">August Wilhelm</subfield>
      <subfield code="c">Braunschweig-Lüneburg, Hertzog</subfield>
      <subfield code="d">1662-1731</subfield>
    </datafield>
    <datafield tag="400" ind1="0" ind2=" ">
      <subfield code="a">Augusto Guglielmo</subfield>
      <subfield code="c">Braunsuich-Lüneburgo, Prencipe</subfield>
      <subfield code="d">1662-1731</subfield>
    </datafield>
    <datafield tag="400" ind1="0" ind2=" ">
      <subfield code="a">Augusto Guilielmo</subfield>
      <subfield code="c">Braunsviga-Luneburgo, Duca</subfield>
      <subfield code="d">1662-1731</subfield>
    </datafield>
    <datafield tag="500" ind1="0" ind2=" ">
      <subfield code="0">(DE-101)104277122</subfield>
      <subfield code="0">(DE-588)104277122</subfield>
      <subfield code="0">https://d-nb.info/gnd/104277122</subfield>
      <subfield code="a">Elisabeth Sophie Marie</subfield>
      <subfield code="c">Braunschweig-Lüneburg, Herzogin</subfield>
      <subfield code="d">1683-1767</subfield>
      <subfield code="4">bezf</subfield>
      <subfield code="4">https://d-nb.info/standards/elementset/gnd#familialRelationship</subfield>
      <subfield code="w">r</subfield>
      <subfield code="i">Beziehung familiaer</subfield>
      <subfield code="e">Beziehung familiaer</subfield>
      <subfield code="9">v:dritte Ehefrau</subfield>
    </datafield>
    <datafield tag="548" ind1=" " ind2=" ">
      <subfield code="a">1662-1731</subfield>
      <subfield code="4">datl</subfield>
      <subfield code="4">https://d-nb.info/standards/elementset/gnd#dateOfBirthAndDeath</subfield>
      <subfield code="w">r</subfield>
      <subfield code="i">Lebensdaten</subfield>
    </datafield>
    <datafield tag="667" ind1=" " ind2=" ">
      <subfield code="a">NDSBIO</subfield>
    </datafield>
    <datafield tag="667" ind1=" " ind2=" ">
      <subfield code="a">384</subfield>
    </datafield>
    <datafield tag="667" ind1=" " ind2=" ">
      <subfield code="a">VD-17</subfield>
    </datafield>
    <datafield tag="667" ind1=" " ind2=" ">
      <subfield code="a">HAB Wolfenbüttel</subfield>
    </datafield>
    <datafield tag="670" ind1=" " ind2=" ">
      <subfield code="a">Grote; Europ. Stammtaf. 72</subfield>
    </datafield>
    <datafield tag="670" ind1=" " ind2=" ">
      <subfield code="a">Isenburg, 72</subfield>
    </datafield>
    <datafield tag="670" ind1=" " ind2=" ">
      <subfield code="a">Wikipedia</subfield>
      <subfield code="u">https://de.wikipedia.org/wiki/August_Wilhelm_(Braunschweig-Wolfenb%C3%BCttel)</subfield>
    </datafield>
    <datafield tag="672" ind1=" " ind2="0">
      <subfield code="a">Des Durchlauchtigsten Fürsten und Herrn, Herrn August Wilhelms, Hertzogen Zu Braunschwe*. - 1725</subfield>
    </datafield>
    <datafield tag="678" ind1=" " ind2=" ">
      <subfield code="b">Regent in Wolfenbüttel seit 1714</subfield>
    </datafield>
    <datafield tag="913" ind1=" " ind2=" ">
      <subfield code="S">pnd</subfield>
      <subfield code="i">5</subfield>
      <subfield code="a">August Wilhelm &lt;Braunschweig-Lüneburg, Herzog, 1662-1731&gt;</subfield>
      <subfield code="0">(DE-588a)119502992</subfield>
    </datafield>
  </record>
